@misc{airbrush_pics,
  title = {Airbrush pics},
  url   = {http://ingo-karkat.de/textilepainting/About\%20used\%20tools/index.html}
}

@misc{venturi_airbrush,
  title = {Nebulizzatore\_concentrico.png (2204x820)},
  url   = {https://upload.wikimedia.org/wikipedia/commons/1/1e/Nebulizzatoe\_concentrico.png}
}
